@inproceedings{bubukayr2021cybersecurity,
    title={Cybersecurity concerns in smart-phones and applications: A survey},
    author={Bubukayr, Maryam Abdulaziz Saad and Almaiah, Mohammed Amin},
    booktitle={2021 International Conference on Information Technology (ICIT)},
    pages={725--731},
    year={2021},
    organization={IEEE}
}
@inproceedings{al2021cyber,
    title={Cyber security threats in cloud: Literature review},
    author={Al Nafea, Roaa and Almaiah, Mohammed Amin},
    booktitle={2021 International Conference on Information Technology (ICIT)},
    pages={779--786},
    year={2021},
    organization={IEEE}
}
@article{syed2022zero,
    title={Zero Trust Architecture (ZTA): A Comprehensive Survey},
    author={Syed, Naeem Firdous and Shah, Syed W and Shaghaghi, Arash and Anwar, Adnan and Baig, Zubair and Doss, Robin},
    journal={IEEE Access},
    year={2022},
    publisher={IEEE}
}
@inproceedings{palmo2021complementary,
    title={Complementary Methods of IoT Reliability for Embedding IoT Devices into SDP},
    author={Palmo, Yangchen and Tanimoto, Shigeaki and Sato, Hiroyuki and Kanai, Atsushi},
    booktitle={2021 IEEE 11th International Conference on Consumer Electronics (ICCE-Berlin)},
    pages={1--6},
    year={2021},
    organization={IEEE}
}
@inproceedings{karimi2021software,
    title={Software defined ambit of data integrity for the internet of things},
    author={Karimi, Maryam and Krishnamurthy, Prashant},
    booktitle={2021 IEEE/ACM 21st International Symposium on Cluster, Cloud and Internet Computing (CCGrid)},
    pages={737--745},
    year={2021},
    organization={IEEE}
}
@inproceedings{huang2011adversarial,
    title={Adversarial machine learning},
    author={Huang, Ling and Joseph, Anthony D and Nelson, Blaine and Rubinstein, Benjamin IP and Tygar, J Doug},
    booktitle={Proceedings of the 4th ACM workshop on Security and artificial intelligence},
    pages={43--58},
    year={2011}
}
@article{chen2017distributed,
    title={Distributed statistical machine learning in adversarial settings: Byzantine gradient descent},
    author={Chen, Yudong and Su, Lili and Xu, Jiaming},
    journal={Proceedings of the ACM on Measurement and Analysis of Computing Systems},
    volume={1},
    number={2},
    pages={1--25},
    year={2017},
    publisher={ACM New York, NY, USA}
}
@article{khraisat2019survey,
    title={Survey of intrusion detection systems: techniques, datasets and challenges},
    author={Khraisat, Ansam and Gondal, Iqbal and Vamplew, Peter and Kamruzzaman, Joarder},
    journal={Cybersecurity},
    volume={2},
    number={1},
    pages={1--22},
    year={2019},
    publisher={Springer}
}
@techreport{rose2020zero,
    title={Zero trust architecture},
    author={Rose, Scott and Borchert, Oliver and Mitchell, Stu and Connelly, Sean},
    year={2020},
    journal={NIST},
    institution={National Institute of Standards and Technology}
}
@article{gulrajani2017improved,
    title={Improved training of wasserstein gans},
    author={Gulrajani, Ishaan and Ahmed, Faruk and Arjovsky, Martin and Dumoulin, Vincent and Courville, Aaron C},
    journal={Advances in neural information processing systems},
    volume={30},
    year={2017}
}
@article{goodfellow2020generative,
    title={Generative adversarial networks},
    author={Goodfellow, Ian and Pouget-Abadie, Jean and Mirza, Mehdi and Xu, Bing and Warde-Farley, David and Ozair, Sherjil and Courville, Aaron and Bengio, Yoshua},
    journal={Communications of the ACM},
    volume={63},
    number={11},
    pages={139--144},
    year={2020},
    publisher={ACM New York, NY, USA}
}
@Article{pujari2022comparative,
    author = {Pujari, Medha and Pacheco, Yulexis and Cherukuri, Bhanu and Sun, Weiqing},
    journal = {SN Computer Science},
    title = {A Comparative Study on the Impact of Adversarial Machine Learning Attacks on Contemporary Intrusion Detection Datasets},
    year = {2022},
    number = {5},
    pages = {1--12},
    volume = {3},
    doi = {https://doi.org/10.1007/s42979-022-01321-8},

    priority = {prio1},
    publisher = {Springer},
    ranking = {rank5},
}

@InProceedings{lin2022idsgan,
    author = {Lin, Zilong and Shi, Yong and Xue, Zhi},
    booktitle = {Pacific-Asia Conference on Knowledge Discovery and Data Mining},
    title = {Idsgan: Generative adversarial networks for attack generation against intrusion detection},
    year = {2022},
    organization = {Springer},
    pages = {79--91},
    groups = {Adversarial Attacks},
    priority = {prio2},
    ranking = {rank5},
}

@inproceedings{chen2017zoo,
    title = {Zoo: Zeroth order optimization based black-box attacks to deep neural networks without training substitute models},
    author = {Chen, Pin-Yu and Zhang, Huan and Sharma, Yash and Yi, Jinfeng and Hsieh, Cho-Jui},
    booktitle = {Proceedings of the 10th ACM workshop on artificial intelligence and security},
    pages = {15--26},
    year = {2017},
    groups = {IDS Scores}
}

@Article{zhao2021attackgan,
    author = {Zhao, Shuang and Li, Jing and Wang, Jianmin and Zhang, Zhao and Zhu, Lin and Zhang, Yong},
    journal = {Procedia Computer Science},
    title = {attackGAN: Adversarial Attack against Black-box IDS using Generative Adversarial Networks},
    year = {2021},
    pages = {128--133},
    volume = {187},

    publisher = {Elsevier},
    ranking = {rank3},
}

@Article{duy2021digfupas,
    author = {Duy, Phan The and Khoa, Nghi Hoang and Nguyen, Anh Gia-Tuan and Pham, Van-Hau and others},
    journal = {Computers \& Security},
    title = {DIGFuPAS: Deceive IDS with GAN and Function-Preserving on Adversarial Samples in SDN-enabled networks},
    year = {2021},
    pages = {102367},
    volume = {109},

    publisher = {Elsevier},
}

@InProceedings{CSE-CIC-IDS2018,
    author = {Iman Sharafaldin and Arash Habibi Lashkari and Ali A. Ghorbani},
    booktitle = {International Conference on Information Systems Security and Privacy},
    title = {Toward Generating a New Intrusion Detection Dataset and Intrusion Traffic Characterization},
    year = {2018},
    doi = {10.5220/0006639801080116},

    ranking = {rank5},
}

@Article{CICIDS2017,
    author = {Sharafaldin, Iman and Lashkari, Arash Habibi and Ghorbani, Ali A},
    journal = {ICISSp},
    title = {Toward generating a new intrusion detection dataset and intrusion traffic characterization.},
    year = {2018},
    pages = {108--116},
    volume = {1},
    groups = {IDS Datasets},
    ranking = {rank5},
}

@InProceedings{CICDDoS2019,
    author = {Sharafaldin, Iman and Lashkari, Arash Habibi and Hakak, Saqib and Ghorbani, Ali A.},
    booktitle = {2019 International Carnahan Conference on Security Technology (ICCST)},
    title = {Developing Realistic Distributed Denial of Service (DDoS) Attack Dataset and Taxonomy},
    year = {2019},
    pages = {1-8},
    doi = {10.1109/CCST.2019.8888419},

    ranking = {rank5},
}

@InProceedings{UNSW-NB15,
    author = {Moustafa, Nour and Slay, Jill},
    booktitle = {2015 Military Communications and Information Systems Conference (MilCIS)},
    title = {UNSW-NB15: a comprehensive data set for network intrusion detection systems (UNSW-NB15 network data set)},
    year = {2015},
    pages = {1-6},
    doi = {10.1109/MilCIS.2015.7348942},

    ranking = {rank5},
}

@InProceedings{KDDCUP99,
    author = {Tavallaee, Mahbod and Bagheri, Ebrahim and Lu, Wei and Ghorbani, Ali A.},
    booktitle = {2009 IEEE Symposium on Computational Intelligence for Security and Defense Applications},
    title = {A detailed analysis of the KDD CUP 99 data set},
    year = {2009},
    pages = {1-6},
    doi = {10.1109/CISDA.2009.5356528},

    ranking = {rank3},
}

@InProceedings{darpa1999,
    author = {Mahoney, Matthew V and Chan, Philip K},
    booktitle = {International Workshop on Recent Advances in Intrusion Detection},
    title = {An analysis of the 1999 DARPA/Lincoln Laboratory evaluation data for network anomaly detection},
    year = {2003},
    organization = {Springer},
    pages = {220--237},
    groups = {IDS Datasets},
    ranking = {rank3},
}

@Article{hugh2000,
    author = {John M Hugh},
    groups = {IDS Datasets},
    keywords = {K65 [Management of Computing and Information Systems]: Security and Protection-Invasive software (eg, Trojan horses) General Terms: Security Additional Key Words and Phrases: Computer security, intrusion detection, receiver operating curves (ROC), software evaluation, viruses, worms},
    priority = {prio1},
    ranking = {rank5},
    title = {Testing Intrusion Detection Systems: A Critique of the 1998 and 1999 DARPA Intrusion Detection System Evaluations as Performed by Lincoln Laboratory},
    journal = {ACM Transactions on Information and System Security},
    year = {2000},
}

@Article{thakkar2020review,
    author = {Thakkar, Ankit and Lohiya, Ritika},
    journal = {Procedia Computer Science},
    title = {A review of the advancement in intrusion detection datasets},
    year = {2020},
    pages = {636--645},
    volume = {167},
    priority = {prio1},
    publisher = {Elsevier},
    ranking = {rank5},
}

@Article{maseer2021benchmarking,
    author = {Maseer, Ziadoon Kamil and Yusof, Robiah and Bahaman, Nazrulazhar and Mostafa, Salama A and Foozy, Cik Feresa Mohd},
    journal = {IEEE access},
    title = {Benchmarking of machine learning for anomaly based intrusion detection systems in the CICIDS2017 dataset},
    year = {2021},
    pages = {22351--22370},
    volume = {9},

    priority = {prio1},
    publisher = {IEEE},
    ranking = {rank5},
}

@Article{abdallah2022intrusion,
    author = {Abdallah, Emad E and Otoom, Ahmed Fawzi and others},
    journal = {Procedia Computer Science},
    title = {Intrusion Detection Systems using Supervised Machine Learning Techniques: A survey},
    year = {2022},
    pages = {205--212},
    volume = {201},

    publisher = {Elsevier},
}

@InProceedings{faker2019,
    author = {Faker, Osama and Dogdu, Erdogan},
    booktitle = {Proceedings of the 2019 ACM Southeast Conference},
    title = {Intrusion Detection Using Big Data and Deep Learning Techniques},
    year = {2019},
    address = {New York, NY, USA},
    pages = {86–93},
    publisher = {Association for Computing Machinery},
    series = {ACM SE '19},
    doi = {10.1145/3299815.3314439},

    isbn = {9781450362511},
    keywords = {machine learning, feature selection, big data, deep learning, Intrusion detection system, artificial neural networks, ensemble techniques},
    location = {Kennesaw, GA, USA},
    numpages = {8},
    url = {https://doi.org/10.1145/3299815.3314439},
}

@Article{Koilpillai2020,
    author = {Koilpillai, Juanita and Murray, Nya Alison},
    journal = {Cloud Security Alliance (CSA)},
    title = {Software defined perimeter (sdp) and zero trust},
    year = {2020},
    groups = {SDP},
}

@InProceedings{Kumar2019,
    author = {Kumar, Palash and Moubayed, Abdallah and Refaey, Ahmed and Shami, Abdallah and Koilpillai, Juanita},
    booktitle = {2019 IEEE Wireless Communications and Networking Conference (WCNC)},
    title = {Performance Analysis of SDP For Secure Internal Enterprises},
    year = {2019},
    pages = {1-6},
    doi = {10.1109/WCNC.2019.8885784},

}

@Article{Enterprise2007,
    author = {Enterprise, DoD},
    title = {Department of Defense Global Information Grid Architectural Vision},
    year = {2007},
    groups = {SDP},
    journal = {DoD},
}

@Article{KDDFaults,
    author = {Amjad M. Al Tobi and Ishbel Duncan},
    journal = {Journal of Cyber Security Technology},
    title = {KDD 1999 generation faults: a review and analysis},
    year = {2018},
    number = {3-4},
    pages = {164-200},
    volume = {2},
    doi = {10.1080/23742917.2018.1518061},
    eprint = {https://doi.org/10.1080/23742917.2018.1518061},

    publisher = {Taylor \& Francis},
    url = {https://doi.org/10.1080/23742917.2018.1518061},
}

@Article{huang2020igan,
    author = {Huang, Shuokang and Lei, Kai},
    journal = {Ad Hoc Networks},
    title = {IGAN-IDS: An imbalanced generative adversarial network towards intrusion detection system in ad-hoc networks},
    year = {2020},
    pages = {102177},
    volume = {105},

    priority = {prio1},
    publisher = {Elsevier},
    ranking = {rank5},
}

@inproceedings{usama2019generative,
    title={Generative adversarial networks for launching and thwarting adversarial attacks on network intrusion detection systems},
    author={Usama, Muhammad and Asim, Muhammad and Latif, Siddique and Qadir, Junaid and others},
    booktitle={2019 15th international wireless communications \& mobile computing conference (IWCMC)},
    pages={78--83},
    year={2019},
    organization={IEEE}
}

@InProceedings{Abdulhammed2019,
    author = {Abdulhammed, Razan and Faezipour, Miad and Musafer, Hassan and Abuzneid, Abdelshakour},
    booktitle = {2019 International Symposium on Networks, Computers and Communications (ISNCC)},
    title = {Efficient Network Intrusion Detection Using PCA-Based Dimensionality Reduction of Features},
    year = {2019},
    pages = {1-6},
    doi = {10.1109/ISNCC.2019.8909140},

}

@Article{rosay2022multi,
    author = {Rosay, Arnaud and Riou, K{\'e}vin and Carlier, Florent and Leroux, Pascal},
    journal = {Annals of Telecommunications},
    title = {Multi-layer perceptron for network intrusion detection},
    year = {2022},
    number = {5},
    pages = {371--394},
    volume = {77},

    publisher = {Springer},
}

@Article{wu2022rtids,
    author = {Wu, Zihan and Zhang, Hong and Wang, Penghai and Sun, Zhibo},
    journal = {IEEE Access},
    title = {RTIDS: a robust transformer-based approach for intrusion detection system},
    year = {2022},
    pages = {64375--64387},
    volume = {10},

    publisher = {IEEE},
}

@Article{zhang2008random,
    author = {Zhang, Jiong and Zulkernine, Mohammad and Haque, Anwar},
    journal = {IEEE Transactions on Systems, Man, and Cybernetics, Part C (Applications and Reviews)},
    title = {Random-forests-based network intrusion detection systems},
    year = {2008},
    number = {5},
    pages = {649--659},
    volume = {38},

    publisher = {IEEE},
}

@InProceedings{amor2004naive,
    author = {Amor, Nahla Ben and Benferhat, Salem and Elouedi, Zied},
    booktitle = {Proceedings of the 2004 ACM symposium on Applied computing},
    title = {Naive bayes vs decision trees in intrusion detection systems},
    year = {2004},
    pages = {420--424},

}

@Article{mohammadi2021,
    author = {Mohammadi, Mokhtar and Rashid, Tarik A and Karim, Sarkhel H Taher and Aldalwie, Adil Hussain Mohammed and Tho, Quan Thanh and Bidaki, Moazam and Rahmani, Amir Masoud and Hosseinzadeh, Mehdi},
    journal = {Journal of Network and Computer Applications},
    title = {A comprehensive survey and taxonomy of the SVM-based intrusion detection systems},
    year = {2021},
    pages = {102983},
    volume = {178},

    publisher = {Elsevier},
}

@Article{fgsm,
    author = {Goodfellow, Ian J and Shlens, Jonathon and Szegedy, Christian},
    journal = {arXiv preprint arXiv:1412.6572},
    title = {Explaining and harnessing adversarial examples},
    year = {2014},

}

@Article{bim,
    author = {Kurakin, Alexey and Goodfellow, Ian and Bengio, Samy},
    journal = {arXiv preprint arXiv:1611.01236},
    title = {Adversarial machine learning at scale},
    year = {2016},

}

@InProceedings{jsma,
    author = {Papernot, Nicolas and McDaniel, Patrick and Jha, Somesh and Fredrikson, Matt and Celik, Z Berkay and Swami, Ananthram},
    booktitle = {2016 IEEE European symposium on security and privacy (EuroS\&P)},
    title = {The limitations of deep learning in adversarial settings},
    year = {2016},
    organization = {IEEE},
    pages = {372--387},

}

@InProceedings{deepfool,
    author = {Moosavi-Dezfooli, Seyed-Mohsen and Fawzi, Alhussein and Frossard, Pascal},
    booktitle = {Proceedings of the IEEE conference on computer vision and pattern recognition},
    title = {Deepfool: a simple and accurate method to fool deep neural networks},
    year = {2016},
    pages = {2574--2582},

}

@InProceedings{carlini,
    author = {Carlini, Nicholas and Wagner, David},
    booktitle = {2017 ieee symposium on security and privacy (sp)},
    title = {Towards evaluating the robustness of neural networks},
    year = {2017},
    organization = {Ieee},
    pages = {39--57},

}

@Article{pgd,
    author = {Madry, Aleksander and Makelov, Aleksandar and Schmidt, Ludwig and Tsipras, Dimitris and Vladu, Adrian},
    journal = {arXiv preprint arXiv:1706.06083},
    title = {Towards deep learning models resistant to adversarial attacks},
    year = {2017},

}

@article{brendel2017decision,
    title = {Decision-based adversarial attacks: Reliable attacks against black-box machine learning models},
    author = {Brendel, Wieland and Rauber, Jonas and Bethge, Matthias},
    journal = {arXiv preprint arXiv:1712.04248},

    year = {2017}
}

@article{chen2019boundary,
    title = {Boundary attack++: Query-efficient decision-based adversarial attack},
    author = {Chen, Jianbo and Jordan, Michael I},
    journal = {arXiv preprint arXiv:1904.02144},

    volume = {2},
    number = {7},
    year = {2019}
}

@article{liu2022vulnergan,
    title = {VulnerGAN: a backdoor attack through vulnerability amplification against machine learning-based network intrusion detection systems},
    author = {Liu, Guangrui and Zhang, Weizhe and Li, Xinjie and Fan, Kaisheng and Yu, Shui},
    journal = {Science China Information Sciences},
    volume = {65},
    number = {7},
    pages = {1--19},
    year = {2022},
    publisher = {Springer}
}

@article{CSAZeroTrust2020,
    title = {Software defined perimeter (sdp) and zero trust},
    author = {Koilpillai, Juanita and Murray, Nya Alison},
    journal = {Cloud Security Alliance (CSA)},
    year = {2020}
}

@article{lee2000framework,
    title={A framework for constructing features and models for intrusion detection systems},
    author={Lee, Wenke and Stolfo, Salvatore J},
    journal={ACM transactions on Information and system security (TiSSEC)},
    volume={3},
    number={4},
    pages={227--261},
    year={2000},
    publisher={ACM New York, NY, USA}
}

@misc{lashkari2017cicflowmeter,
    title={CICFlowMeter},
    author={Lashkari, Arash Habibi and Zang, Y and Owhuo, G and Mamun, MSI and Gil, GD},
    year={2017},
    publisher={Github}
}
@article{moubayed2019software,
    title={Software-defined perimeter (sdp): State of the art secure solution for modern networks},
    author={Moubayed, Abdallah and Refaey, Ahmed and Shami, Abdallah},
    journal={IEEE network},
    volume={33},
    number={5},
    pages={226--233},
    year={2019},
    publisher={IEEE}
}

@inproceedings{damon2012hands,
    title={Hands-on denial of service lab exercises using slowloris and rudy},
    author={Damon, Evan and Dale, Julian and Laron, Evaristo and Mache, Jens and Land, Nathan and Weiss, Richard},
    booktitle={proceedings of the 2012 information security curriculum development conference},
    pages={21--29},
    year={2012}
}
@article{Shroff2022,
    author = {Jugal Shroff and Rahee Walambe and Sunil Kumar Singh and Ketan Kotecha},
    doi = {10.1155/2022/5757164},
    issn = {15308677},
    journal = {Wireless Communications and Mobile Computing},
    publisher = {Hindawi Limited},
    title = {Enhanced Security Against Volumetric DDoS Attacks Using Adversarial Machine Learning},
    volume = {2022},
    year = {2022},
}

@article{RING2019147,
    title = {A survey of network-based intrusion detection data sets},
    journal = {Computers \& Security},
    volume = {86},
    pages = {147-167},
    year = {2019},
    issn = {0167-4048},
    doi = {https://doi.org/10.1016/j.cose.2019.06.005},
    url = {https://www.sciencedirect.com/science/article/pii/S016740481930118X},
    author = {Markus Ring and Sarah Wunderlich and Deniz Scheuring and Dieter Landes and Andreas Hotho},
    keywords = {Intrusion detection, IDS, NIDS, Data sets, Evaluation, Data mining},
}

@inproceedings{kariyappa2020defending,
    title={Defending against model stealing attacks with adaptive misinformation},
    author={Kariyappa, Sanjay and Qureshi, Moinuddin K},
    booktitle={Proceedings of the IEEE/CVF Conference on Computer Vision and Pattern Recognition},
    pages={770--778},
    year={2020}
}

@article{de2020overview,
  title={An overview of privacy in machine learning},
  author={De Cristofaro, Emiliano},
  journal={arXiv preprint arXiv:2005.08679},
  year={2020}
}