@article{peng2004,
author = {Peng, G},
journal = {ArXiv},
title = {{CDN: Content Distribution Network}},
url = {http://arxiv.org/abs/cs.NI/0411069},
volume = {cs.NI/0411},
year = {2004}
}

@inproceedings{Wurzinger2009,
author = {Wurzinger, Peter and Platzer, Christian and Ludl, Christian and Kirda, Engin and Kruegel, Christopher},
booktitle = {Proceedings of the 2009 ICSE Workshop on Software Engineering for Secure Systems, SESS 2009},
doi = {10.1109/IWSESS.2009.5068456},
isbn = {9781424437252},
pages = {33--39},
title = {{SWAP: Mitigating XSS attacks using a reverse proxy}},
year = {2009}
}

@inproceedings{provos2004virtual,
address = {USA},
author = {Provos, Niels},
booktitle = {Proceedings of the 13th Conference on USENIX Security Symposium - Volume 13},
pages = {1},
publisher = {USENIX Association},
series = {SSYM'04},
title = {{A Virtual Honeypot Framework}},
year = {2004}
}
@inproceedings{steiner1988kerberos,
author = {Steiner, Jennifer and Neuman, Clifford and Schiller, Jeffrey},
booktitle = {USENIX CONFERENCE PROCEEDINGS},
pages = {191--202},
title = {{Kerberos: An Authentication Service for Open Network Systems}},
year = {1988}
}

@misc{ansiblecis1,
  author = {Florian Utz},
  title = {Ubuntu1804-CIS},
  year = {2020},
  publisher = {GitHub},
  journal = {GitHub repository},
  howpublished = {\url{https://github.com/florianutz/Ubuntu1804-CIS}},
  commit = {5478c0e8ef437365b1aff45d81a86943d3162656}
}

@misc{ansiblecis2,
  author = {Harry Harcourt},
  title = {Ansible-RHEL8-CIS-Benchmarks},
  year = {2019},
  publisher = {GitHub},
  journal = {GitHub repository},
  howpublished = {\url{https://github.com/HarryHarcourt/Ansible-RHEL8-CIS-Benchmarks}},
  commit = {60d2a4a7c5c111af7a40ebbcf122f62dfdbac5bc}
}




@misc{scap,
	title={Security Content Automation Protocol: CSRC},
	author={Computer Security Division, Information Technology Laboratory},
	howpublished = {\url{https://csrc.nist.gov/projects/security-content-automation-protocol}},
  	note = {Accessed: 2021-05-25},
	year = {2020}
}
@misc{stigs,
	title={Security Technical Implementation Guides (STIGs)},
	author={Cyberx-Mw and Knowlton},
	howpublished = {\url{https://public.cyber.mil/stigs}},
  	note = {Accessed: 2021-05-17},
	year = {2020}
}
@misc{isoiec,
	title = {{ISO}/{IEC} 19770-8:2020},
	shorttitle = {{ISO}/{IEC} 19770-8},
	howpublished = {\url{https://www.iso.org/cms/render/live/en/sites/isoorg/contents/data/standard/07/25/72588.html}},
	language = {en},
	note = {Accessed: 2021-05-12},
	author = { ISO/IEC JTC 1/SC 7 Software and systems engineering},
	year = {2020}
}
@misc{ciscontrols,
	title = {CIS Controls},
	howpublished = {\url{https://www.cisecurity.org/controls/}},
	language = {en-US},
	note = {Accessed: 2021-05-20},
	author = {Center of Internet Security},
	year = {2020}
}
@misc{cismapping,
	title = {Mapping and Compliance},
	howpublished = {\url{https://www.cisecurity.org/cybersecurity-tools/mapping-compliance}},
	note = {Accessed: 2021-05-20},
	author = {Center of Internet Security},
	year = {2020}
}
@misc{openscapweb,
	title = {OpenSCAP Portal},
	howpublished = {\url{http://www.open-scap.org/}},
	note = {Accessed: 2021-05-20},
	author = {OpenSCAP},
	year = {2020}
}
@misc{cisbenchmarks,
	title = {CIS Benchmarks},
	howpublished = {\url{https://github.com/dev-sec/cis-dil-benchmark}},
	language = {en-US},
	note = {Accessed: 2021-05-20},
	author = {Center of Internet Security},
	year = {2020}
}
@article{broderick2006isms,
	author = {J. Stuart Broderick},
	title = {ISMS, security standards and security regulations},
	journal = {Information Security Technical Report},
	volume = {11},
	number = {1},
	pages = {26--31},
	year = {2006},
	doi = {https://doi.org/10.1016/j.istr.2005.12.001},
}
@misc{235211,
	author = {David Waltermire and Stephen Quinn and Harold Booth and Karen Scarfone and Dragos Prisaca},
	title = {The Technical Specification for the Security Content Automation Protocol (SCAP) Version 1.3},
	year = {2018},
	month = {2018-02-14},
	publisher = {Special Publication (NIST SP), National Institute of Standards and Technology, Gaithersburg, MD},
	doi = {https://doi.org/10.6028/NIST.SP.800-126r3},
	language = {en},
}
@misc{ccss,
	author = {Peter Mell and Karen Scarfone},
	title = {The Common Configuration Scoring System (CCSS): Metrics for Software Security Configuration Vulnerabilities},
	year = {2010},
	month = {2010-12-27},
	publisher = {NIST Interagency/Internal Report (NISTIR), National Institute of Standards and Technology, Gaithersburg, MD},
	doi = {https://doi.org/10.6028/NIST.IR.7502},
	language = {en},
}
@article{BERGER200559,
	author = {Brian Berger},	
	title = {Trusted computing group history},
	journal = {Information Security Technical Report},
	volume = {10},
	number = {2},
	pages = {59-62},
	year = {2005},
	doi = {https://doi.org/10.1016/j.istr.2005.05.007},
}
@article{spichkova2020vm2,
	author = {Maria Spichkova and Biao Li and Lachlan Porter and Luke Mason and Ye Lyu and Yi Weng},	
	title = {VM2: Automated security configuration and testing of virtual machine images},
	journal = {Procedia Computer Science},
	volume = {176},
	pages = {3610-3617},
	year = {2020},
	doi = {https://doi.org/10.1016/j.procs.2020.09.025},
}
@inproceedings{olenvcin2019automated,
	author={Olenčin, Michal and Perháč, Ján},
	booktitle={2019 IEEE 15th International Scientific Conference on Informatics}, 
	title={Automated configuration of a Linux web server security}, 
	year={2019},
	volume={},
	number={},
	pages={000491-000496},
	doi={10.1109/Informatics47936.2019.9119272},
}
@misc{soto2019jshielder,
	title={Jshielder},
	author={Soto, Jason},
	year={2019},
	publisher={March}
}
@article{al2018iscp,
	author = {Nadher Al-Safwani and Yousef Fazea and Huda Ibrahim},	
	title = {ISCP: In-depth model for selecting critical security controls},
	journal = {Computers and Security},
	volume = {77},
	pages = {565-577},
	year = {2018},
	doi = {https://doi.org/10.1016/j.cose.2018.05.009},
}
@article{durkota2019hardening,
	author = {Karel Durkota and Viliam Lisý and Branislav Bošanský and Christopher Kiekintveld and Michal Pěchouček},	
	title = {Hardening networks against strategic attackers using attack graph games},
	journal = {Computers and Security},
	volume = {87},
	pages = {101578},
	year = {2019},
	doi = {https://doi.org/10.1016/j.cose.2019.101578},
}
@article{defenseindepth,
	author={Stytz, M.R.},
	journal={IEEE Security and Privacy}, 
	title={Considering defense in depth for software applications}, 
	year={2004},
	volume={2},
	number={1},
	pages={72-75},
	doi={10.1109/MSECP.2004.1264860}
}
@book{weaver2013guide,
	title={Guide to Network Defense and Countermeasures},
	author={Weaver R. and Weaver, D. and Farwood, D.},
	isbn={9781133727941},
	lccn={2012949396},
	year={2013},
	publisher={Cengage Learning}
}
@techreport{kuipers2006control,
	title={Control systems cyber security: Defense in depth strategies},
	author={Kuipers, David and Fabro, Mark},
	year={2006},
	institution={Idaho National Laboratory (INL)}
}
@article{cleghorn2013network,
	title={Network defense methodology: A comparison of defense in depth and defense in breadth},
	author={Cleghorn, Lance},
	journal={Journal of Information Security}, 
	year={2013},
    volume={4},
    number={},
	pages={144-149},
	doi={10.4236/jis.2013.43017}
}
@INPROCEEDINGS{usecis,
	author={Winarno, Heru and Yasin, Fatah and Prasetyo, Muhamad Aries and Rohman, Fathur and Shihab, Muhammad Rifki and Ranti, Benny},
	booktitle={2020 3rd International Conference on Computer and Informatics Engineering (IC2IE)}, 
	title={IT Infrastructure Security Risk Assessment using the Center for Internet Security Critical Security Control Framework: A Case Study at Insurance Company}, 
	year={2020},
	volume={},
	number={},
	pages={404-409},
	doi={10.1109/IC2IE50715.2020.9274594}
}
@phdthesis{usecistesis,
	title={Implementing CIS Critical Security Controls for Organizations on a Low-Budget},
	author={Shamma, Bashar and others},
	year={2018}
}
@article{redondo2019towards,
	title={Towards improving productivity in nmap security audits},
	author={Redondo, Jose Manuel and Cuesta, Daniel},
	journal={Journal of Web Engineering},
	volume={18},
	number={7},
	pages={539-578},
	year={2019},
	doi={10.13052/jwe1540-9589.1871}
}
@INPROCEEDINGS{redondozines,
  author={Redondo, Jose Manuel},
  booktitle={2021 IEEE/ACM 43rd International Conference on Software Engineering: Software Engineering Education and Training (ICSE-SEET)}, 
  title={Improving Concept Learning Through Specialized Digital Fanzines}, 
  year={2021},
  volume={},
  number={},
  pages={134-143},
  doi={10.1109/ICSE-SEET52601.2021.00023}}

  //Mio -_-ç

// Resumen de los datasets
@article{,
   author = {Ansam Khraisat and Iqbal Gondal and Peter Vamplew and Joarder Kamruzzaman},
   doi = {10.1186/s42400-019-0038-7},
   keywords = {Anomaly detection,Intrusion detection system,Machine learning,Malware,NSL_KDD},
   title = {Survey of intrusion detection systems: techniques, datasets and challenges},
   url = {https://doi.org/10.1186/s42400-019-0038-7},
}

// Articulo diciendo que el k99 esta mal
@report{Hugh2000,
   author = {John M Hugh},
   keywords = {K65 [Management of Computing and Information Systems]: Security and Protection-Invasive software (eg,Trojan horses) General Terms: Security Additional Key Words and Phrases: Computer security,intrusion detection,receiver operating curves (ROC),software evaluation,viruses,worms},
   title = {Testing Intrusion Detection Systems: A Critique of the 1998 and 1999 DARPA Intrusion Detection System Evaluations as Performed by Lincoln Laboratory},
   year = {2000},
}

// Articulo que hace lo que teniamos pensado
@article{Shroff2022,
   author = {Jugal Shroff and Rahee Walambe and Sunil Kumar Singh and Ketan Kotecha},
   doi = {10.1155/2022/5757164},
   issn = {15308677},
   journal = {Wireless Communications and Mobile Computing},
   publisher = {Hindawi Limited},
   title = {Enhanced Security Against Volumetric DDoS Attacks Using Adversarial Machine Learning},
   volume = {2022},
   year = {2022},
}
