@article{art2018,
  title   = {Adversarial Robustness Toolbox v1.2.0},
  author  = {Nicolae, Maria-Irina and Sinn, Mathieu and Tran, Minh~Ngoc and Buesser, Beat and Rawat, Ambrish and Wistuba, Martin and Zantedeschi, Valentina and Baracaldo, Nathalie and Chen, Bryant and Ludwig, Heiko and Molloy, Ian and Edwards, Ben},
  journal = {CoRR},
  volume  = {1807.01069},
  year    = {2018},
  url     = {https://arxiv.org/pdf/1807.01069}
}
@article{cic2018models,
  author  = {Akshay Kumaar, M. and Samiayya, Duraimurugan and Vincent, P. M. Durai Raj and Srinivasan, Kathiravan and Chang, Chuan-Yu and Ganesh, Harish},
  title   = {A Hybrid Framework for Intrusion Detection in Healthcare Systems Using Deep Learning},
  journal = {Frontiers in Public Health},
  volume  = {9},
  year    = {2022},
  url     = {https://www.frontiersin.org/articles/10.3389/fpubh.2021.824898},
  doi     = {10.3389/fpubh.2021.824898},
  issn    = {2296-2565}
}
@article{cic2019models,
  title   = {Efficient Feature Evaluation Approach for a class-imbalanced dataset using Machine learning},
  journal = {Procedia Computer Science},
  volume  = {218},
  pages   = {2520-2532},
  year    = {2023},
  note    = {International Conference on Machine Learning and Data Engineering},
  issn    = {1877-0509},
  doi     = {https://doi.org/10.1016/j.procs.2023.01.226},
  url     = {https://www.sciencedirect.com/science/article/pii/S1877050923002260},
  author  = {Bidyapati Thiyam and Shouvik Dey}
}
@article{pujari2022comparative,
  author    = {Pujari, Medha and Pacheco, Yulexis and Cherukuri, Bhanu and Sun, Weiqing},
  journal   = {SN Computer Science},
  title     = {A Comparative Study on the Impact of Adversarial Machine Learning Attacks on Contemporary Intrusion Detection Datasets},
  year      = {2022},
  number    = {5},
  pages     = {1--12},
  volume    = {3},
  doi       = {https://doi.org/10.1007/s42979-022-01321-8},
  priority  = {prio1},
  publisher = {Springer},
  ranking   = {rank5}
}
@article{maseer2021benchmarking,
  author    = {Maseer, Ziadoon Kamil and Yusof, Robiah and Bahaman, Nazrulazhar and Mostafa, Salama A and Foozy, Cik Feresa Mohd},
  journal   = {IEEE access},
  title     = {Benchmarking of machine learning for anomaly based intrusion detection systems in the CICIDS2017 dataset},
  year      = {2021},
  pages     = {22351--22370},
  volume    = {9},
  priority  = {prio1},
  publisher = {IEEE},
  ranking   = {rank5}
}
@inproceedings{faker2019,
  author    = {Faker, Osama and Dogdu, Erdogan},
  booktitle = {Proceedings of the 2019 ACM Southeast Conference},
  title     = {Intrusion Detection Using Big Data and Deep Learning Techniques},
  year      = {2019},
  address   = {New York, NY, USA},
  pages     = {86â€“93},
  publisher = {Association for Computing Machinery},
  series    = {ACM SE '19},
  doi       = {10.1145/3299815.3314439},
  isbn      = {9781450362511},
  keywords  = {machine learning, feature selection, big data, deep learning, Intrusion detection system, artificial neural networks, ensemble techniques},
  location  = {Kennesaw, GA, USA},
  numpages  = {8},
  url       = {https://doi.org/10.1145/3299815.3314439}
}

@article{huang2020igan,
  author    = {Huang, Shuokang and Lei, Kai},
  journal   = {Ad Hoc Networks},
  title     = {IGAN-IDS: An imbalanced generative adversarial network towards intrusion detection system in ad-hoc networks},
  year      = {2020},
  pages     = {102177},
  volume    = {105},
  priority  = {prio1},
  publisher = {Elsevier},
  ranking   = {rank5}
}

@inproceedings{Abdulhammed2019,
  author    = {Abdulhammed, Razan and Faezipour, Miad and Musafer, Hassan and Abuzneid, Abdelshakour},
  booktitle = {2019 International Symposium on Networks, Computers and Communications (ISNCC)},
  title     = {Efficient Network Intrusion Detection Using PCA-Based Dimensionality Reduction of Features},
  year      = {2019},
  pages     = {1-6},
  doi       = {10.1109/ISNCC.2019.8909140}
}

@article{wu2022rtids,
  author    = {Wu, Zihan and Zhang, Hong and Wang, Penghai and Sun, Zhibo},
  journal   = {IEEE Access},
  title     = {RTIDS: a robust transformer-based approach for intrusion detection system},
  year      = {2022},
  pages     = {64375--64387},
  volume    = {10},
  publisher = {IEEE}
}
@article{abdallah2022intrusion,
    author = {Abdallah, Emad E and Otoom, Ahmed Fawzi and others},
    journal = {Procedia Computer Science},
    title = {Intrusion Detection Systems using Supervised Machine Learning Techniques: A survey},
    year = {2022},
    pages = {205--212},
    volume = {201},
    publisher = {Elsevier}
}
@article{thakkar2020review,
    author = {Thakkar, Ankit and Lohiya, Ritika},
    journal = {Procedia Computer Science},
    title = {A review of the advancement in intrusion detection datasets},
    year = {2020},
    pages = {636--645},
    volume = {167},
    priority = {prio1},
    publisher = {Elsevier},
    ranking = {rank5}
}
@inproceedings{huang2011adversarial,
    title={Adversarial machine learning},
    author={Huang, Ling and Joseph, Anthony D and Nelson, Blaine and Rubinstein, Benjamin IP and Tygar, J Doug},
    booktitle={Proceedings of the 4th ACM workshop on Security and artificial intelligence},
    pages={43--58},
    year={2011}
}
@article{zhao2021attackgan,
    author = {Zhao, Shuang and Li, Jing and Wang, Jianmin and Zhang, Zhao and Zhu, Lin and Zhang, Yong},
    journal = {Procedia Computer Science},
    title = {attackGAN: Adversarial Attack against Black-box IDS using Generative Adversarial Networks},
    year = {2021},
    pages = {128--133},
    volume = {187},
    publisher = {Elsevier},
    ranking = {rank3}
}
@InProceedings{lin2022idsgan,
    author = {Lin, Zilong and Shi, Yong and Xue, Zhi},
    booktitle = {Pacific-Asia Conference on Knowledge Discovery and Data Mining},
    title = {Idsgan: Generative adversarial networks for attack generation against intrusion detection},
    year = {2022},
    organization = {Springer},
    pages = {79--91},
    groups = {Adversarial Attacks},
    priority = {prio2},
    ranking = {rank5}
}
@article{liu2022vulnergan,
    title = {VulnerGAN: a backdoor attack through vulnerability amplification against machine learning-based network intrusion detection systems},
    author = {Liu, Guangrui and Zhang, Weizhe and Li, Xinjie and Fan, Kaisheng and Yu, Shui},
    journal = {Science China Information Sciences},
    volume = {65},
    number = {7},
    pages = {1--19},
    year = {2022},
    publisher = {Springer}
}
@Article{duy2021digfupas,
    author = {Duy, Phan The and Khoa, Nghi Hoang and Nguyen, Anh Gia-Tuan and Pham, Van-Hau and others},
    journal = {Computers \& Security},
    title = {DIGFuPAS: Deceive IDS with GAN and Function-Preserving on Adversarial Samples in SDN-enabled networks},
    year = {2021},
    pages = {102367},
    volume = {109},
    publisher = {Elsevier}
}
@article{mukherjee1994network,
  title={Network intrusion detection},
  author={Mukherjee, Biswanath and Heberlein, L Todd and Levitt, Karl N},
  journal={IEEE network},
  volume={8},
  number={3},
  pages={26--41},
  year={1994},
  publisher={IEEE}
}
@article{pharate2015classification,
  title={Classification of intrusion detection system},
  author={Pharate, Abhishek and Bhat, Harsha and Shilimkar, Vaibhav and Mhetre, Nalini},
  journal={International Journal of Computer Applications},
  volume={118},
  number={7},
  year={2015},
  publisher={Citeseer}
}
@article{de2020overview,
  title={An overview of privacy in machine learning},
  author={De Cristofaro, Emiliano},
  journal={arXiv preprint arXiv:2005.08679},
  year={2020}
}
@article{kuleshov2014algorithms,
  title={Algorithms for multi-armed bandit problems},
  author={Kuleshov, Volodymyr and Precup, Doina},
  journal={arXiv preprint arXiv:1402.6028},
  year={2014}
}
@article{machado2014domain,
  title={Domain-independent optimistic initialization for reinforcement learning},
  author={Machado, Marlos C and Srinivasan, Sriram and Bowling, Michael},
  journal={arXiv preprint arXiv:1410.4604},
  year={2014}
}
@inproceedings{carpentier2011upper,
  title={Upper-confidence-bound algorithms for active learning in multi-armed bandits},
  author={Carpentier, Alexandra and Lazaric, Alessandro and Ghavamzadeh, Mohammad and Munos, R{\'e}mi and Auer, Peter},
  booktitle={Algorithmic Learning Theory: 22nd International Conference, ALT 2011, Espoo, Finland, October 5-7, 2011. Proceedings 22},
  pages={189--203},
  year={2011},
  organization={Springer}
}
@inproceedings{agrawal2012analysis,
  title={Analysis of thompson sampling for the multi-armed bandit problem},
  author={Agrawal, Shipra and Goyal, Navin},
  booktitle={Conference on learning theory},
  pages={39--1},
  year={2012},
  organization={JMLR Workshop and Conference Proceedings}
}
@article{park2021analysis,
  title={Analysis of Thompson sampling for partially observable contextual multi-armed bandits},
  author={Park, Hongju and Faradonbeh, Mohamad Kazem Shirani},
  journal={IEEE Control Systems Letters},
  volume={6},
  pages={2150--2155},
  year={2021},
  publisher={IEEE}
}
@InProceedings{CSE-CIC-IDS2018,
    author = {Iman Sharafaldin and Arash Habibi Lashkari and Ali A. Ghorbani},
    booktitle = {International Conference on Information Systems Security and Privacy},
    title = {Toward Generating a New Intrusion Detection Dataset and Intrusion Traffic Characterization},
    year = {2018},
    doi = {10.5220/0006639801080116},
    ranking = {rank5}
}
@Article{CICIDS2017,
    author = {Sharafaldin, Iman and Lashkari, Arash Habibi and Ghorbani, Ali A},
    journal = {ICISSp},
    title = {Toward generating a new intrusion detection dataset and intrusion traffic characterization.},
    year = {2018},
    pages = {108--116},
    volume = {1},
    groups = {IDS Datasets},
    ranking = {rank5}
}
@InProceedings{CICDDoS2019,
    author = {Sharafaldin, Iman and Lashkari, Arash Habibi and Hakak, Saqib and Ghorbani, Ali A.},
    booktitle = {2019 International Carnahan Conference on Security Technology (ICCST)},
    title = {Developing Realistic Distributed Denial of Service (DDoS) Attack Dataset and Taxonomy},
    year = {2019},
    pages = {1-8},
    doi = {10.1109/CCST.2019.8888419},
    ranking = {rank5}
}
@article{RING2019147,
    title = {A survey of network-based intrusion detection data sets},
    journal = {Computers \& Security},
    volume = {86},
    pages = {147-167},
    year = {2019},
    issn = {0167-4048},
    doi = {https://doi.org/10.1016/j.cose.2019.06.005},
    url = {https://www.sciencedirect.com/science/article/pii/S016740481930118X},
    author = {Markus Ring and Sarah Wunderlich and Deniz Scheuring and Dieter Landes and Andreas Hotho}
}
@article{Shroff2022,
    author = {Jugal Shroff and Rahee Walambe and Sunil Kumar Singh and Ketan Kotecha},
    doi = {10.1155/2022/5757164},
    issn = {15308677},
    journal = {Wireless Communications and Mobile Computing},
    publisher = {Hindawi Limited},
    title = {Enhanced Security Against Volumetric DDoS Attacks Using Adversarial Machine Learning},
    volume = {2022},
    year = {2022}
}
@InProceedings{KDDCUP99,
    author = {Tavallaee, Mahbod and Bagheri, Ebrahim and Lu, Wei and Ghorbani, Ali A.},
    booktitle = {2009 IEEE Symposium on Computational Intelligence for Security and Defense Applications},
    title = {A detailed analysis of the KDD CUP 99 data set},
    year = {2009},
    pages = {1-6},
    doi = {10.1109/CISDA.2009.5356528},
    ranking = {rank3}
}
@InProceedings{darpa1999,
    author = {Mahoney, Matthew V and Chan, Philip K},
    booktitle = {International Workshop on Recent Advances in Intrusion Detection},
    title = {An analysis of the 1999 DARPA/Lincoln Laboratory evaluation data for network anomaly detection},
    year = {2003},
    organization = {Springer},
    pages = {220--237},
    groups = {IDS Datasets},
    ranking = {rank3}
}
@Article{hugh2000,
    author = {John M Hugh},
    groups = {IDS Datasets},
    keywords = {K65 [Management of Computing and Information Systems]: Security and Protection-Invasive software (eg, Trojan horses) General Terms: Security Additional Key Words and Phrases: Computer security, intrusion detection, receiver operating curves (ROC), software evaluation, viruses, worms},
    priority = {prio1},
    ranking = {rank5},
    title = {Testing Intrusion Detection Systems: A Critique of the 1998 and 1999 DARPA Intrusion Detection System Evaluations as Performed by Lincoln Laboratory},
    journal = {ACM Transactions on Information and System Security},
    year = {2000}
}
@Article{KDDFaults,
    author = {Amjad M. Al Tobi and Ishbel Duncan},
    journal = {Journal of Cyber Security Technology},
    title = {KDD 1999 generation faults: a review and analysis},
    year = {2018},
    number = {3-4},
    pages = {164-200},
    volume = {2},
    doi = {10.1080/23742917.2018.1518061},
    eprint = {https://doi.org/10.1080/23742917.2018.1518061},
    publisher = {Taylor \& Francis}
}
@Article{zhang2008random,
    author = {Zhang, Jiong and Zulkernine, Mohammad and Haque, Anwar},
    journal = {IEEE Transactions on Systems, Man, and Cybernetics, Part C (Applications and Reviews)},
    title = {Random-forests-based network intrusion detection systems},
    year = {2008},
    number = {5},
    pages = {649--659},
    volume = {38},
    publisher = {IEEE}
}
@InProceedings{amor2004naive,
    author = {Amor, Nahla Ben and Benferhat, Salem and Elouedi, Zied},
    booktitle = {Proceedings of the 2004 ACM symposium on Applied computing},
    title = {Naive bayes vs decision trees in intrusion detection systems},
    year = {2004},
    pages = {420--424}
}
@Article{fgsm,
    author = {Goodfellow, Ian J and Shlens, Jonathon and Szegedy, Christian},
    journal = {arXiv preprint arXiv:1412.6572},
    title = {Explaining and harnessing adversarial examples},
    year = {2014}
}
@Article{bim,
    author = {Kurakin, Alexey and Goodfellow, Ian and Bengio, Samy},
    journal = {arXiv preprint arXiv:1611.01236},
    title = {Adversarial machine learning at scale},
    year = {2016}
}
@InProceedings{jsma,
    author = {Papernot, Nicolas and McDaniel, Patrick and Jha, Somesh and Fredrikson, Matt and Celik, Z Berkay and Swami, Ananthram},
    booktitle = {2016 IEEE European symposium on security and privacy (EuroS\&P)},
    title = {The limitations of deep learning in adversarial settings},
    year = {2016},
    organization = {IEEE},
    pages = {372--387}
}
@InProceedings{deepfool,
    author = {Moosavi-Dezfooli, Seyed-Mohsen and Fawzi, Alhussein and Frossard, Pascal},
    booktitle = {Proceedings of the IEEE conference on computer vision and pattern recognition},
    title = {Deepfool: a simple and accurate method to fool deep neural networks},
    year = {2016},
    pages = {2574--2582}
}
@InProceedings{carlini,
    author = {Carlini, Nicholas and Wagner, David},
    booktitle = {2017 ieee symposium on security and privacy (sp)},
    title = {Towards evaluating the robustness of neural networks},
    year = {2017},
    organization = {Ieee},
    pages = {39--57}
}
@Article{pgd,
    author = {Madry, Aleksander and Makelov, Aleksandar and Schmidt, Ludwig and Tsipras, Dimitris and Vladu, Adrian},
    journal = {arXiv preprint arXiv:1706.06083},
    title = {Towards deep learning models resistant to adversarial attacks},
    year = {2017}
}
@article{gulrajani2017improved,
    title={Improved training of wasserstein gans},
    author={Gulrajani, Ishaan and Ahmed, Faruk and Arjovsky, Martin and Dumoulin, Vincent and Courville, Aaron C},
    journal={Advances in neural information processing systems},
    volume={30},
    year={2017}
}
@inproceedings{chen2017zoo,
    title = {Zoo: Zeroth order optimization based black-box attacks to deep neural networks without training substitute models},
    author = {Chen, Pin-Yu and Zhang, Huan and Sharma, Yash and Yi, Jinfeng and Hsieh, Cho-Jui},
    booktitle = {Proceedings of the 10th ACM workshop on artificial intelligence and security},
    pages = {15--26},
    year = {2017},
    groups = {IDS Scores}
}
@article{chen2019boundary,
    title = {Boundary attack++: Query-efficient decision-based adversarial attack},
    author = {Chen, Jianbo and Jordan, Michael I},
    journal = {arXiv preprint arXiv:1904.02144},
    volume = {2},
    number = {7},
    year = {2019}
}
@article{goodfellow2020generative,
    title={Generative adversarial networks},
    author={Goodfellow, Ian and Pouget-Abadie, Jean and Mirza, Mehdi and Xu, Bing and Warde-Farley, David and Ozair, Sherjil and Courville, Aaron and Bengio, Yoshua},
    journal={Communications of the ACM},
    volume={63},
    number={11},
    pages={139--144},
    year={2020},
    publisher={ACM New York, NY, USA}
}
@misc{chen2020hopskipjumpattack,
      title={HopSkipJumpAttack: A Query-Efficient Decision-Based Attack}, 
      author={Jianbo Chen and Michael I. Jordan and Martin J. Wainwright},
      year={2020},
      eprint={1904.02144},
      archivePrefix={arXiv},
      primaryClass={cs.LG}
}
@article{wright1995logistic,
  title={Logistic regression.},
  author={Wright, Raymond E},
  year={1995},
  publisher={American Psychological Association}
}
@article{ashfaq2017fuzziness,
  title={Fuzziness based semi-supervised learning approach for intrusion detection system},
  author={Ashfaq, Rana Aamir Raza and Wang, Xi-Zhao and Huang, Joshua Zhexue and Abbas, Haider and He, Yu-Lin},
  journal={Information sciences},
  volume={378},
  pages={484--497},
  year={2017},
  publisher={Elsevier}
}
@article{cutler2012random,
  title={Random forests},
  author={Cutler, Adele and Cutler, D Richard and Stevens, John R},
  journal={Ensemble machine learning: Methods and applications},
  pages={157--175},
  year={2012},
  publisher={Springer}
}
@article{rokach2005decision,
  title={Decision trees},
  author={Rokach, Lior and Maimon, Oded},
  journal={Data mining and knowledge discovery handbook},
  pages={165--192},
  year={2005},
  publisher={Springer}
}
@article{suthaharan2016support,
  title={Support vector machine},
  author={Suthaharan, Shan and Suthaharan, Shan},
  journal={Machine learning models and algorithms for big data classification: thinking with examples for effective learning},
  pages={207--235},
  year={2016},
  publisher={Springer}
}
@article{likas2003global,
  title={The global k-means clustering algorithm},
  author={Likas, Aristidis and Vlassis, Nikos and Verbeek, Jakob J},
  journal={Pattern recognition},
  volume={36},
  number={2},
  pages={451--461},
  year={2003},
  publisher={Elsevier}
}
@article{sinaga2020unsupervised,
  title={Unsupervised K-means clustering algorithm},
  author={Sinaga, Kristina P and Yang, Miin-Shen},
  journal={IEEE access},
  volume={8},
  pages={80716--80727},
  year={2020},
  publisher={IEEE}
}
@article{alotaibi2023adversarial,
  title={Adversarial machine learning attacks against intrusion detection systems: A survey on strategies and defense},
  author={Alotaibi, Afnan and Rassam, Murad A},
  journal={Future Internet},
  volume={15},
  number={2},
  pages={62},
  year={2023},
  publisher={MDPI}
}
@article{goodfellow2014explaining,
  title={Explaining and harnessing adversarial examples},
  author={Goodfellow, Ian J and Shlens, Jonathon and Szegedy, Christian},
  journal={arXiv preprint arXiv:1412.6572},
  year={2014}
}
@article{bai2021recent,
  title={Recent advances in adversarial training for adversarial robustness},
  author={Bai, Tao and Luo, Jinqi and Zhao, Jun and Wen, Bihan and Wang, Qian},
  journal={arXiv preprint arXiv:2102.01356},
  year={2021}
}
@inproceedings{zizzo2019adversarial,
  title={Adversarial machine learning beyond the image domain},
  author={Zizzo, Giulio and Hankin, Chris and Maffeis, Sergio and Jones, Kevin},
  booktitle={Proceedings of the 56th Annual Design Automation Conference 2019},
  pages={1--4},
  year={2019}
}
@inproceedings{athalye2018obfuscated,
  title={Obfuscated gradients give a false sense of security, Circumventing defenses to adversarial examples},
  author={Athalye, Anish and Carlini, Nicholas and Wagner, David},
  booktitle={International conference on machine learning},
  pages={274--283},
  year={2018},
  organization={PMLR}
}
@article{kou2019enhancing,
  title={Enhancing transformation-based defenses using a distribution classifier},
  author={Kou, Connie and Lee, Hwee Kuan and Chang, Ee-Chien and Ng, Teck Khim},
  journal={arXiv preprint arXiv:1906.00258},
  year={2019}
}
@article{ramos2022selection,
  title={Selection of features in reinforcement learning applied to energy consumption forecast in buildings according to different contexts},
  author={Ramos, Daniel and Faria, Pedro and Gomes, Luis and Campos, P and Vale, Z},
  journal={Energy Reports},
  volume={8},
  pages={423--429},
  year={2022},
  publisher={Elsevier}
}
@inproceedings{ramos2022learning,
  title={A Learning Approach to Improve the Selection of Forecasting Algorithms in an Office Building in Different Contexts},
  author={Ramos, Daniel and Faria, Pedro and Gomes, Luis and Campos, Pedro and Vale, Zita},
  booktitle={Progress in Artificial Intelligence: 21st EPIA Conference on Artificial Intelligence, EPIA 2022, Lisbon, Portugal, August 31--September 2, 2022, Proceedings},
  pages={271--281},
  year={2022},
  organization={Springer}
}
@article{xu2020adversarial,
  title={Adversarial attacks and defenses in images, graphs and text: A review},
  author={Xu, Han and Ma, Yao and Liu, Hao-Chen and Deb, Debayan and Liu, Hui and Tang, Ji-Liang and Jain, Anil K},
  journal={International Journal of Automation and Computing},
  volume={17},
  pages={151--178},
  year={2020},
  publisher={Springer}
}