@Article{pujari2022comparative,
  author    = {Pujari, Medha and Pacheco, Yulexis and Cherukuri, Bhanu and Sun, Weiqing},
  journal   = {SN Computer Science},
  title     = {A Comparative Study on the Impact of Adversarial Machine Learning Attacks on Contemporary Intrusion Detection Datasets},
  year      = {2022},
  number    = {5},
  pages     = {1--12},
  volume    = {3},
  doi       = {https://doi.org/10.1007/s42979-022-01321-8},
  groups    = {Adversarial Attacks},
  priority  = {prio1},
  publisher = {Springer},
  ranking   = {rank5},
}

@InProceedings{lin2022idsgan,
  author       = {Lin, Zilong and Shi, Yong and Xue, Zhi},
  booktitle    = {Pacific-Asia Conference on Knowledge Discovery and Data Mining},
  title        = {Idsgan: Generative adversarial networks for attack generation against intrusion detection},
  year         = {2022},
  organization = {Springer},
  pages        = {79--91},
  groups       = {Adversarial Attacks},
  priority     = {prio2},
  ranking      = {rank5},
}

@InProceedings{pujari2022approach,
  author       = {Pujari, Medha and Cherukuri, Bhanu Prakash and Javaid, Ahmad Y and Sun, Weiqing},
  booktitle    = {2022 IEEE International Conference on Cyber Security and Resilience (CSR)},
  title        = {An approach to improve the robustness of machine learning based intrusion detection system models against the carlini-wagner attack},
  year         = {2022},
  organization = {IEEE},
  pages        = {62--67},
  groups       = {Adversarial Attacks},
}

@Article{alshahrani2022adversarial,
  author    = {Alshahrani, Ebtihaj and Alghazzawi, Daniyal and Alotaibi, Reem and Rabie, Osama},
  journal   = {Plos one},
  title     = {Adversarial attacks against supervised machine learning based network intrusion detection systems},
  year      = {2022},
  number    = {10},
  pages     = {e0275971},
  volume    = {17},
  groups    = {Adversarial Attacks},
  publisher = {Public Library of Science San Francisco, CA USA},
}

@Article{jmila2022adversarial,
  author    = {Jmila, Houda and Khedher, Mohamed Ibn},
  journal   = {Computer Networks},
  title     = {Adversarial machine learning for network intrusion detection: A comparative study},
  year      = {2022},
  pages     = {109073},
  groups    = {Adversarial Attacks},
  priority  = {prio1},
  publisher = {Elsevier},
  ranking   = {rank5},
}

@InProceedings{lurski2021application,
  author       = {Lurski, Nicholas and Younis, Mohamed},
  booktitle    = {International Conference on Machine Learning for Networking},
  title        = {Application and Mitigation of the Evasion Attack against a Deep Learning Based IDS for IoT},
  year         = {2021},
  organization = {Springer},
  pages        = {85--97},
  groups       = {Adversarial Attacks},
}

@Article{zhao2021attackgan,
  author    = {Zhao, Shuang and Li, Jing and Wang, Jianmin and Zhang, Zhao and Zhu, Lin and Zhang, Yong},
  journal   = {Procedia Computer Science},
  title     = {attackGAN: Adversarial Attack against Black-box IDS using Generative Adversarial Networks},
  year      = {2021},
  pages     = {128--133},
  volume    = {187},
  groups    = {Adversarial Attacks},
  publisher = {Elsevier},
  ranking   = {rank3},
}

@Article{duy2021digfupas,
  author    = {Duy, Phan The and Khoa, Nghi Hoang and Nguyen, Anh Gia-Tuan and Pham, Van-Hau and others},
  journal   = {Computers \& Security},
  title     = {DIGFuPAS: Deceive IDS with GAN and Function-Preserving on Adversarial Samples in SDN-enabled networks},
  year      = {2021},
  pages     = {102367},
  volume    = {109},
  groups    = {Adversarial Attacks},
  publisher = {Elsevier},
}

@InProceedings{ayub2020model,
  author       = {Ayub, Md Ahsan and Johnson, William A and Talbert, Douglas A and Siraj, Ambareen},
  booktitle    = {2020 54th annual conference on information sciences and systems (CISS)},
  title        = {Model evasion attack on intrusion detection systems using adversarial machine learning},
  year         = {2020},
  organization = {IEEE},
  pages        = {1--6},
  groups       = {Adversarial Attacks},
}

@InProceedings{zizzo2019adversarial,
  author       = {Zizzo, Giulio and Hankin, Chris and Maffeis, Sergio and Jones, Kevin},
  booktitle    = {2019 56th ACM/IEEE Design Automation Conference (DAC)},
  title        = {Adversarial machine learning beyond the image domain},
  year         = {2019},
  organization = {IEEE},
  pages        = {1--4},
  groups       = {Adversarial Attacks},
}

@Article{anthi2021hardening,
  author    = {Anthi, Eirini and Williams, Lowri and Javed, Amir and Burnap, Pete},
  journal   = {computers \& security},
  title     = {Hardening machine learning denial of service (DoS) defences against adversarial attacks in IoT smart home networks},
  year      = {2021},
  pages     = {102352},
  volume    = {108},
  groups    = {Adversarial Attacks},
  publisher = {Elsevier},
}

@Article{anthi2021adversarial,
  author    = {Anthi, Eirini and Williams, Lowri and Rhode, Matilda and Burnap, Pete and Wedgbury, Adam},
  journal   = {Journal of Information Security and Applications},
  title     = {Adversarial attacks on machine learning cybersecurity defences in industrial control systems},
  year      = {2021},
  pages     = {102717},
  volume    = {58},
  groups    = {Adversarial Attacks},
  publisher = {Elsevier},
}

@Article{alhajjar2021adversarial,
  author    = {Alhajjar, Elie and Maxwell, Paul and Bastian, Nathaniel},
  journal   = {Expert Systems with Applications},
  title     = {Adversarial machine learning in network intrusion detection systems},
  year      = {2021},
  pages     = {115782},
  volume    = {186},
  groups    = {Adversarial Attacks},
  publisher = {Elsevier},
  ranking   = {rank4},
}

@Article{pawlicki2020defending,
  author    = {Pawlicki, Marek and Chora{\'s}, Micha{\l} and Kozik, Rafa{\l}},
  journal   = {Future Generation Computer Systems},
  title     = {Defending network intrusion detection systems against adversarial evasion attacks},
  year      = {2020},
  pages     = {148--154},
  volume    = {110},
  groups    = {Adversarial Attacks},
  priority  = {prio1},
  publisher = {Elsevier},
  ranking   = {rank5},
}

@Article{martins2020adversarial,
  author    = {Martins, Nuno and Cruz, Jos{\'e} Magalh{\~a}es and Cruz, Tiago and Abreu, Pedro Henriques},
  journal   = {IEEE Access},
  title     = {Adversarial machine learning applied to intrusion and malware scenarios: a systematic review},
  year      = {2020},
  pages     = {35403--35419},
  volume    = {8},
  groups    = {Adversarial Attacks},
  priority  = {prio1},
  publisher = {IEEE},
  ranking   = {rank5},
}

@InProceedings{CSE-CIC-IDS2018,
  author    = {Iman Sharafaldin and Arash Habibi Lashkari and Ali A. Ghorbani},
  booktitle = {International Conference on Information Systems Security and Privacy},
  title     = {Toward Generating a New Intrusion Detection Dataset and Intrusion Traffic Characterization},
  year      = {2018},
  doi       = {10.5220/0006639801080116},
  groups    = {IDS Datasets},
  ranking   = {rank5},
}

@Article{CICIDS2017,
  author  = {Sharafaldin, Iman and Lashkari, Arash Habibi and Ghorbani, Ali A},
  journal = {ICISSp},
  title   = {Toward generating a new intrusion detection dataset and intrusion traffic characterization.},
  year    = {2018},
  pages   = {108--116},
  volume  = {1},
  comment = {CICIDS2017},
  groups  = {IDS Datasets},
  ranking = {rank5},
}

@InProceedings{CICDDoS2019,
  author    = {Sharafaldin, Iman and Lashkari, Arash Habibi and Hakak, Saqib and Ghorbani, Ali A.},
  booktitle = {2019 International Carnahan Conference on Security Technology (ICCST)},
  title     = {Developing Realistic Distributed Denial of Service (DDoS) Attack Dataset and Taxonomy},
  year      = {2019},
  pages     = {1-8},
  comment   = {CICDDoS2019},
  doi       = {10.1109/CCST.2019.8888419},
  groups    = {IDS Datasets},
  ranking   = {rank5},
}

@InProceedings{UNSW-NB15,
  author    = {Moustafa, Nour and Slay, Jill},
  booktitle = {2015 Military Communications and Information Systems Conference (MilCIS)},
  title     = {UNSW-NB15: a comprehensive data set for network intrusion detection systems (UNSW-NB15 network data set)},
  year      = {2015},
  pages     = {1-6},
  comment   = {UNSW-NB15},
  doi       = {10.1109/MilCIS.2015.7348942},
  groups    = {IDS Datasets},
  ranking   = {rank5},
}

@InProceedings{KDDCUP99,
  author    = {Tavallaee, Mahbod and Bagheri, Ebrahim and Lu, Wei and Ghorbani, Ali A.},
  booktitle = {2009 IEEE Symposium on Computational Intelligence for Security and Defense Applications},
  title     = {A detailed analysis of the KDD CUP 99 data set},
  year      = {2009},
  pages     = {1-6},
  comment   = {KDDCUP99},
  doi       = {10.1109/CISDA.2009.5356528},
  groups    = {IDS Datasets},
  ranking   = {rank3},
}

@InProceedings{darpa1999,
  author       = {Mahoney, Matthew V and Chan, Philip K},
  booktitle    = {International Workshop on Recent Advances in Intrusion Detection},
  title        = {An analysis of the 1999 DARPA/Lincoln Laboratory evaluation data for network anomaly detection},
  year         = {2003},
  organization = {Springer},
  pages        = {220--237},
  comment      = {darpa1999},
  groups       = {IDS Datasets},
  ranking      = {rank3},
}

@Report{Hugh2000,
  author   = {John M Hugh},
  comment  = {Este artículo realiza una evaluación del dataset 1998-1999 DARPA para identificar sus principales deficiencias y buscar que los futuros esfuerzos se realicen desde una base mas sólida. Los principales problemas que detectan son una falta de descripciones detalladas de los procedimientos y fundamentos que se utilizaron, pudiendo ser estos sesgados.},
  groups   = {IDS Datasets},
  keywords = {K65 [Management of Computing and Information Systems]: Security and Protection-Invasive software (eg, Trojan horses) General Terms: Security Additional Key Words and Phrases: Computer security, intrusion detection, receiver operating curves (ROC), software evaluation, viruses, worms},
  priority = {prio1},
  ranking  = {rank5},
  title    = {Testing Intrusion Detection Systems: A Critique of the 1998 and 1999 DARPA Intrusion Detection System Evaluations as Performed by Lincoln Laboratory},
  year     = {2000},
}

@Article{Wang2022,
  author    = {Wang, Ning and Chen, Yimin and Xiao, Yang and Hu, Yang and Lou, Wenjing and Hou, Thomas},
  journal   = {IEEE Transactions on Dependable and Secure Computing},
  title     = {Manda: On adversarial example detection for network intrusion detection system},
  year      = {2022},
  groups    = {Adversarial Attacks},
  publisher = {IEEE},
  ranking   = {rank5},
}

@Article{thakkar2020review,
  author    = {Thakkar, Ankit and Lohiya, Ritika},
  journal   = {Procedia Computer Science},
  title     = {A review of the advancement in intrusion detection datasets},
  year      = {2020},
  pages     = {636--645},
  volume    = {167},
  comment   = {Muy muy buen review de las técnicas actuales de IDS},
  groups    = {Intrusion Detection Systems},
  priority  = {prio1},
  publisher = {Elsevier},
  ranking   = {rank5},
}

@InProceedings{yulianto2019improving,
  author       = {Yulianto, Arif and Sukarno, Parman and Suwastika, Novian Anggis},
  booktitle    = {Journal of Physics: Conference Series},
  title        = {Improving adaboost-based intrusion detection system (IDS) performance on CIC IDS 2017 dataset},
  year         = {2019},
  number       = {1},
  organization = {IOP Publishing},
  pages        = {012018},
  volume       = {1192},
  groups       = {Intrusion Detection Systems},
}

@Article{lee2019ae,
  author    = {Lee, JooHwa and Park, KeeHyun},
  journal   = {Applied Sciences},
  title     = {AE-CGAN model based high performance network intrusion detection system},
  year      = {2019},
  number    = {20},
  pages     = {4221},
  volume    = {9},
  groups    = {Intrusion Detection Systems},
  publisher = {MDPI},
}

@Article{huang2020igan,
  author    = {Huang, Shuokang and Lei, Kai},
  journal   = {Ad Hoc Networks},
  title     = {IGAN-IDS: An imbalanced generative adversarial network towards intrusion detection system in ad-hoc networks},
  year      = {2020},
  pages     = {102177},
  volume    = {105},
  comment   = {Tiene una tabla to wapa con modelos -> Accuracy, F1 Score y AUC para los datasets UNSW-NB15 y CICIDS2017},
  groups    = {Intrusion Detection Systems},
  priority  = {prio1},
  publisher = {Elsevier},
  ranking   = {rank5},
}

@Article{liu2020intrusion,
  author    = {Liu, Lan and Wang, Pengcheng and Lin, Jun and Liu, Langzhou},
  journal   = {Ieee Access},
  title     = {Intrusion detection of imbalanced network traffic based on machine learning and deep learning},
  year      = {2020},
  pages     = {7550--7563},
  volume    = {9},
  comment   = {Tabla con muchos modelos y precisiones, recall y f1 para el dataset CIC-IDS-2018},
  groups    = {Intrusion Detection Systems},
  publisher = {IEEE},
  ranking   = {rank4},
}

@Article{kim2022robust,
  author    = {Kim, Taehoon and Pak, Wooguil},
  journal   = {IEEE Access},
  title     = {Robust Network Intrusion Detection System Based on Machine-Learning With Early Classification},
  year      = {2022},
  pages     = {10754--10767},
  volume    = {10},
  comment   = {Tablas con modelos y precsiones, recall, F1 para datasets CID-IDS2018 y CIC-IDS-2017},
  groups    = {Intrusion Detection Systems},
  publisher = {IEEE},
}

@Article{maseer2021benchmarking,
  author    = {Maseer, Ziadoon Kamil and Yusof, Robiah and Bahaman, Nazrulazhar and Mostafa, Salama A and Foozy, Cik Feresa Mohd},
  journal   = {IEEE access},
  title     = {Benchmarking of machine learning for anomaly based intrusion detection systems in the CICIDS2017 dataset},
  year      = {2021},
  pages     = {22351--22370},
  volume    = {9},
  groups    = {Intrusion Detection Systems},
  priority  = {prio1},
  publisher = {IEEE},
  ranking   = {rank5},
}

@Article{abdallah2022intrusion,
  author    = {Abdallah, Emad E and Otoom, Ahmed Fawzi and others},
  journal   = {Procedia Computer Science},
  title     = {Intrusion Detection Systems using Supervised Machine Learning Techniques: A survey},
  year      = {2022},
  pages     = {205--212},
  volume    = {201},
  groups    = {Intrusion Detection Systems},
  publisher = {Elsevier},
}

@InProceedings{8909140,
  author    = {Abdulhammed, Razan and Faezipour, Miad and Musafer, Hassan and Abuzneid, Abdelshakour},
  booktitle = {2019 International Symposium on Networks, Computers and Communications (ISNCC)},
  title     = {Efficient Network Intrusion Detection Using PCA-Based Dimensionality Reduction of Features},
  year      = {2019},
  pages     = {1-6},
  doi       = {10.1109/ISNCC.2019.8909140},
  groups    = {Intrusion Detection Systems},
}

@InProceedings{9312002,
  author    = {Hammad, Mohamed and El-medany, Wael and Ismail, Yasser},
  booktitle = {2020 International Conference on Innovation and Intelligence for Informatics, Computing and Technologies (3ICT)},
  title     = {Intrusion Detection System using Feature Selection With Clustering and Classification Machine Learning Algorithms on the UNSW-NB15 dataset},
  year      = {2020},
  pages     = {1-6},
  doi       = {10.1109/3ICT51146.2020.9312002},
  groups    = {Intrusion Detection Systems},
}

@InProceedings{10.1145/3299815.3314439,
  author    = {Faker, Osama and Dogdu, Erdogan},
  booktitle = {Proceedings of the 2019 ACM Southeast Conference},
  title     = {Intrusion Detection Using Big Data and Deep Learning Techniques},
  year      = {2019},
  address   = {New York, NY, USA},
  pages     = {86–93},
  publisher = {Association for Computing Machinery},
  series    = {ACM SE '19},
  doi       = {10.1145/3299815.3314439},
  groups    = {Intrusion Detection Systems},
  isbn      = {9781450362511},
  keywords  = {machine learning, feature selection, big data, deep learning, Intrusion detection system, artificial neural networks, ensemble techniques},
  location  = {Kennesaw, GA, USA},
  numpages  = {8},
  url       = {https://doi.org/10.1145/3299815.3314439},
}

@Article{alatwi2021adversarial,
  author   = {Alatwi, Huda Ali and Morisset, Charles},
  journal  = {arXiv preprint arXiv:2112.03315},
  title    = {Adversarial Machine Learning In Network Intrusion Detection Domain: A Systematic Review},
  year     = {2021},
  comment  = {Muy buena tabla con SoA de ataques por cada Dataset y si existen o no defensas},
  groups   = {Adversarial Attacks},
  priority = {prio1},
  ranking  = {rank5},
}

@Comment{jabref-meta: databaseType:bibtex;}

@Comment{jabref-meta: grouping:
0 AllEntriesGroup:;
1 StaticGroup:Adversarial Attacks\;0\;1\;0xff0000ff\;SWORD\;Ataques de AML a IDS\;;
1 StaticGroup:Intrusion Detection Systems\;0\;1\;0x0000ffff\;SHIELD\;Modelos de Sistemas de Deteccion de Intrusos\;;
1 StaticGroup:IDS Datasets\;0\;1\;0x008000ff\;BOOKSHELF\;Datasets en IDS\;;
}
